@article{eee1990,
  title={Standard G lossary of softwareengineering terminology},
  author={IEEE},
  journal={IEEE S o f t w are E n g ineerin g S tandards \& oll ecti o n. I EEE},
  pages={610--12},
  year={1990}
}

@book{uml,
  title={UML: guia do usu{\'a}rio},
  author={Booch, G. and Rumbaugh, J. and Jacobson, I.},
  isbn={9788535217841},
  url={https://books.google.com.br/books?id=ddWqxcDKGF8C},
  year={2006},
  publisher={CAMPUS - RJ}
}

@manual{ iso_9241,
	author =	"{ISO 9241-210}",
    title = 	{Ergonomics of human-system interaction -- Part 210: Human-centred design for interactive systems},
    year = {2010}
}

@article{zamberlan,
  title={A percep{\c{c}}{\~a}o dos usu{\'a}rios de transporte coletivo: uma avalia{\c{c}}{\~a}o da satisfa{\c{c}}{\~a}o e da import{\^a}ncia dos atributos de servi{\c{c}}os},
  author={Zamberlan, Luciano and Pasqualini, Fernanda and Sparemberger, Ariosto and B{\"u}ttenbender, P and Vione, Leonardo},
  journal={XXX Encontro Nacional de Engenharia de Produ{\c{c}}{\~a}o: Maturidade e desafios da Engenharia de Produ{\c{c}}{\~a}o: competitividade das empresas, condi{\c{c}}{\~o}es de trabalho, meio ambiente. Recuperado em},
  volume={11},
  year={2014}
}

@book{stair,
  title={Princ{\'\i}pios de sistemas de informa{\c{c}}{\~a}o},
  author={Stair, R.M. and Reynolds, G.W.},
  isbn={9788522107971},
  url={https://books.google.com.br/books?id=gNk\_SQAACAAJ},
  year={2011},
  publisher={Cengage Learning}
}

@techreport{fielding-http,
  title={Hypertext transfer protocol--HTTP/1.1},
  author={Roy Fielding and Jim Gettys and Jeffrey Mogul and Henrik Frystyk and Larry Masinter and Paul Leach and Tim Berners-Lee},
  year={1999}
}

@article{fielding,
  title={Principled design of the modern Web architecture},
  author={Fielding, Roy T and Taylor, Richard N},
  journal={ACM Transactions on Internet Technology (TOIT)},
  volume={2},
  number={2},
  pages={115--150},
  year={2002},
  publisher={ACM}
}

@book{masse,
  title={REST API Design Rulebook: Designing Consistent RESTful Web Service Interfaces},
  author={Masse, M.},
  isbn={9781449319908},
  url={https://books.google.com.br/books?id=eABpzyTcJNIC},
  year={2011},
  publisher={O'Reilly Media}
}


@book{pressman,
  title={Software Engineering: A Practitioner's Approach},
  author={Pressman, R.S.},
  isbn={9780073019338},
  lccn={2003026394},
  series={McGraw-Hill higher education},
  url={https://books.google.com.br/books?id=bL7QZHtWvaUC},
  year={2005},
  publisher={Boston}
}

@article{bass,
  title={Software architecture in practice},
  author={Len Bass and Paul Clements and Rick Kazman},
  journal={Boston, Massachusetts Addison},
  year={2003}
}

@book{heuser,
  title={Projeto de banco de dados : Volume 4 da S{\'e}rie Livros did{\'a}ticos inform{\'a}tica UFRGS},
  author={Heuser, C.A.},
  isbn={9788577804528},
  url={https://books.google.com.br/books?id=UKtB7\_MnWQMC},
  year={2009},
  publisher={Bookman}
}


@book{guedes,
  title={UML 2 - Uma Abordagem Pr{\'a}tica},
  author={Guedes, G.T.A.},
  isbn={9788575226445},
  url={https://books.google.com.br/books?id=mJxMDwAAQBAJ},
  year={2018},
  publisher={Novatec Editora}
}


@article{cysneiros,
  title={Definindo requisitos n{\~a}o funcionais},
  author={Cysneiros, Luiz Mareio and Leite, JCSP},
  journal={XI Simp{\'o}sio Brasileiro de Engenharia de Software. Fortaleza, CE},
  pages={33},
  year={1997}
}

@book{padua,
  title={Engenharia de software},
  author={Paula{ }Filho, Wilson de Pádua},
  volume={2},
  year={2003},
  publisher={LTC}
}

@phdthesis{rose,
  title={Uma avalia{\c{c}}{\~a}o comparativa de alguns sistemas de informa{\c{c}}{\~a}o geogr{\'a}fica aplicados aos transportes.},
  author={Rose, Adriana},
  year={2001},
  school={Universidade de S{\~a}o Paulo}
}

@book{schwaber,
  title={Agile Project Management with Scrum},
  author={Schwaber, K.},
  isbn={9780735637900},
  series={Developer Best Practices},
  url={https://books.google.com.br/books?id=6pZCAwAAQBAJ},
  year={2004},
  publisher={Pearson Education}
}


@book{kniberg,
  title={Kanban and Scrum - Making the Most of Both},
  author={Kniberg, H. and Skarin, M.},
  isbn={9780557138326},
  series={Enterprise software development series},
  url={https://books.google.com.br/books?id=Hx1KAgAAQBAJ},
  year={2010},
  publisher={C4Media Incorporated}
}

@book{sommerville,
  title={Software Engineering},
  author={Sommerville, I.},
  isbn={9780137053469},
  lccn={2009053058},
  series={International Computer Science Series},
  url={https://books.google.com.br/books?id=l0egcQAACAAJ},
  year={2011},
  publisher={Pearson}
}


@article{vazquez,
  title={Sistemas de posicionamento global},
  author={V{\'a}zquez, Xes{\'u}s Pablo Gonz{\'a}lez},
  journal={Eduga: revista galega do ensino},
  number={22},
  pages={153--158},
  year={1999},
  publisher={Conseller{\'\i}a de Educaci{\'o}n e Ordenaci{\'o}n Universitaria. Secretar{\'\i}a Xeral de Educaci{\'o}n}
}

@book{rezende,
  title={Engenharia de software e sistemas de informa{\c{c}}{\~a}o},
  author={Rezende, Denis Alcides},
  year={2005},
  publisher={Brasport}
}

@inproceedings{dantas,
  title={Sistemas de Informa{\c{c}}{\~a}o Geogr{\'a}fica em Transportes: O estudo do estado da arte},
  author={Dantas, AS and Taco, PWG and Yamashita, Yaeko},
  booktitle={Anais do X Congresso de Pesquisa e Ensino em Transportes},
  year={1996},
  organization={ANPET Brasilia}
}

@article{figueiredo,
  title={Sistemas inteligentes de transporte},
  author={Figueiredo, Lino Manuel Baptista and others},
  year={2005}
}

@book{revista_opara,
	title =		{Ciências contemporâneas aplicadas},
    author =	"{REVISTA OPARA}",
    volume = {4},
    year = {2014},
    address = {Petrolina},
    editor = {Opara}
}

@manual{ iso_10992,
	author =	"{ISO/TR 10992}",
    title = 	{Intelligent transport systems — Use of nomadic and portable devices to support ITS service and multimedia provision in vehicles},
    year = {2012}
}

@book{sistema-informacao,
  title={Sistemas de Informa{\c{c}}{\~a}o},
  author={Baltzan, P. and Phillips, A.},
  isbn={9788580550764},
  url={https://books.google.com.br/books?id=NJkR83DSkPYC},
  year={2012},
  publisher={McGraw Hill Brasil}
}

@Misc{ibge,
	author			= {IBGE},
    title			= {Censo demográfico},
    year 			= {2010},
    url				= {http://www.censo2010.ibge.gov.br/sinopse/index.php?uf=22},
    urlaccessdate	= {22 jul. 2017}
}

@Misc{agencia-brasil,
  	author			= "{Agência Brasil}",
    title			= {Smartphone se consolida como meio preferido de acesso à internet},
  	year			= {2017},
  	timestamp		= {2017-07-22},
  	url				= {https://goo.gl/tm8Epn},
  	urlaccessdate	= {22 jul. 2017},
}

@article{nascimento-lima,
  	author 			= {Carlos Alberto Do Nascimento and Josiane Palma Lima},
  	title 			= {O papel dos sistemas de informação como ferramenta para buscar melhorias na gestão dos serviços prestados ao usuário do transporte coletivo},
  	booktitle		= {Sistemas Inteligentes de Transportes},
  	year			= {2017},
  	publisher		= {Revista Ciências Exatas},
  	editor 			= {Georges Bianco Darido and Ivan González Berenguer Pena},
  	pages 			= {1--8},
  	address			= {Taubaté},
  	volume 			= {23}
}

@article{associacao-nacional,
	title 			= {Sistemas Inteligentes de Transporte - ITS},
    author 			= "{NTU}",
    address			= {Brasília},
    year			= {2013},	
}

@InCollection{ alvarado-campos,
  	author 			= {Alex Heriberto Rojas Alvarado and Nilo Flávio Rosa Campos Júnior},
  	title 			= {Sistemas inteligentes de transporte aplicados em sistemas de alta capacidade: O caso brt e metrô da cidade de Brasília},
  	booktitle 		= {Congresso de Pesquisa e Ensino em Transporte},
  	pages 			= {1--11},
  	publisher 		= {Anpet},
  	address 		= {Rio de Janeiro},
  	year 			= {2016}
}